@article{alexakis2023animal,
  title={Animal Behavior in Capital markets: Herding formation dynamics, trading volume, and the role of COVID-19 pandemic},
  author={Alexakis, Christos and Chantziaras, Antonios and Economou, Fotini and Eleftheriou, Konstantinos and Grose, Christos},
  journal={The North American Journal of Economics and Finance},
  volume={67},
  pages={101946},
  year={2023},
  publisher={Elsevier}
}
